
@misc{wikibooks-latex,
	Autor = {Wikimedia},
	Title = {{Latex - Wikibooks, Open books for an open world}},
	howpublished = "\url{http://en.wikibooks.org/wiki/LaTeX}",
	note = "[Online; acedido em \today]"
}

@misc{tex-stackexchange,
	Author = {{Stack Exchange}},
	Title = {TeX - LaTeX Stack Exchange},
	howpublished = "\url{http://tex.stackexchange.com}",
	note = "[Online; acedido em \today]"
}
