% This file was created with JabRef 2.7b.
% Encoding: UTF-8

@ELECTRONIC{A.new.development.era,
  author = {Tarek Ziad\'e},
  month = {1},
  year = {2013},
  title = {A new development era (essay)},
  url = {http://blog.ziade.org/2013/01/25/a-new-development-era-essay/},
  owner = {ceptrus},
  timestamp = {2013.02.08}
}

@comment{jabref-meta: selector_publisher:}

@comment{jabref-meta: selector_author:}

@comment{jabref-meta: selector_journal:}

@comment{jabref-meta: selector_keywords:}

